<?xml version="1.0" encoding="UTF-8"?><record xmlns="http://www.loc.gov/MARC21/slim" xmlns:cinclude="http://apache.org/cocoon/include/1.0" xmlns:zs="http://www.loc.gov/zing/srw/">
  <leader>00534cz  a2200145n  4500</leader>
  <controlfield tag="001">n  89606146 </controlfield>
  <controlfield tag="003">DLC</controlfield>
  <controlfield tag="005">19890206103445.4</controlfield>
  <controlfield tag="008">890203n| acannaab|          |n ana |||  </controlfield>
  <datafield tag="010" ind1=" " ind2=" ">
    <subfield code="a">n  89606146 </subfield>
  </datafield>
  <datafield tag="040" ind1=" " ind2=" ">
    <subfield code="a">DLC</subfield>
    <subfield code="c">DLC</subfield>
    <subfield code="d">DLC</subfield>
  </datafield>
  <datafield tag="110" ind1="2" ind2="0">
    <subfield code="a">Bolshevik Union of Canada</subfield>
  </datafield>
  <datafield tag="670" ind1=" " ind2=" ">
    <subfield code="a">nuc88-14796: Imperialism, the highest stage of ... 1979</subfield>
    <subfield code="b">(hdg. on MiEM rept.: Bolshevik Union of Canada; usage: Bolshevik Union of Canada)</subfield>
  </datafield>
  <datafield tag="670" ind1=" " ind2=" ">
    <subfield code="a">LC data base, 2-3-89</subfield>
    <subfield code="b">(hdg.: Bolshevik Union of Canada)</subfield>
  </datafield>
  <datafield tag="670" ind1=" " ind2=" ">
    <subfield code="a">NLC 6-15-89</subfield>
    <subfield code="b">(Bolshevik Union of Canada)</subfield>
  </datafield>
</record>